@article{gwilliams2012local,
  title={Local and Global Knowledge to Improve the Quality of Sensed Data},
  author={Gwilliams, Christopher and Preece, Alun and Hardisty, Alex and Goossens, Benoit and Ambu, Laurentius N},
  journal={International Journal of Digital Information and Wireless Communications (IJDIWC)},
  volume={2},
  number={2},
  pages={164--180},
  year={2012},
  publisher={SDIWC}
}

@inproceedings{gwilliams2012poster,
  title={Poster: using local and global knowledge in wireless sensor networks},
  author={Gwilliams, Christopher and Preece, Alun D and Hardisty, Alex R},
  booktitle={Proceedings of the 10th international conference on Mobile systems, applications, and services},
  pages={515--516},
  year={2012},
  organization={ACM}
}

@inproceedings{gwilliams2012k,
  title={K-HAS: An Architecture for Using Local and Global Knowledge in Wireless Sensor Networks},
  author={Gwilliams, Christopher and Preece, Alun and Hardisty, Alex and Goossens, Benoit and Ambu, Laurentius N},
  booktitle={The International Conference on Informatics and Applications (ICIA2012)},
  pages={331--341},
  year={2012},
  organization={The Society of Digital Information and Wireless Communication}
}
